@online{MySQL-wiki,
    url = " https://fr.wikipedia.org/wiki/MySQL",
    AUTHOR = "wikipedia.org",
    TITLE = "MySQL - Wikipédia"
}
@online{SQLite-wiki,
    url = " https://fr.wikipedia.org/wiki/SQLite",
    AUTHOR = "wikipedia.org",
    TITLE = "SQLite - Wikipédia"
}
@online{Qt,
    url = " https://wiki.developpez.com/Qt",
    AUTHOR = "developpez.com",
    TITLE = "Qt - WikiDeveloppez"
}
@online{JavaFX-wiki,
    url = " https://fr.wikipedia.org/wiki/JavaFX",
    AUTHOR = "wikipedia.org",
    TITLE = "JavaFX — Wikipédia"
}
@online{Flask,
    url = " https://flask.palletsprojects.com/en/2.0.x/",
    AUTHOR = "Flask.com",
    TITLE = "Welcome to Flask — Flask Documentation (2.0.x)"
}

@online{bash,
    url = " https://devhints.io/bash",
    AUTHOR = "devhints.io",
    TITLE = "Bash scripting cheatsheet"
}
@online{python2pdf,
    url = " https://pythonexamples.org/python-convert-html-to-pdf/",
    AUTHOR = "pythonexamples.org",
    TITLE = "python convert html to pdf"
}
@online{sqlite,
    url = " https://www.sqlite.org/quickstart.html",
    AUTHOR = "sqlite.org",
    TITLE = "SQLite In 5 Minutes Or Less"
}

@online{python,
    url = " https://docs.python.org/3/",
    AUTHOR = "python.org",
    TITLE = "3.9.5 Documentation"
}


@online{python-sqlite,
    url = " https://docs.python.org/3/library/sqlite3.html",
    AUTHOR = "python.org",
    TITLE = "sqlite3 — DB-API 2.0 interface for SQLite databases — Python 3.9.5 documentation"
}


@online{openpyxl,
    url = " http://www.python-simple.com/python-autres-modules-non-standards/openpyxl.php",
    AUTHOR = "python-simple.com",
    TITLE = "openpyxl (lecture et ecriture xlsx)"
}


@online{sql,
    url = " https://sql.sh/",
    AUTHOR = "sql.sh",
    TITLE = "Cours et Tutoriels sur le Langage SQL"
}

@online{Database_normalization-wiki,
    url = "https://en.wikipedia.org/wiki/Database_normalization",
    AUTHOR = "wikipedia.org",
    TITLE = "Database normalization - Wikipedia"
}

@online{module_re,
    url = "https://docs.python.org/fr/3/library/re.html",
    AUTHOR = "docs.python",
    TITLE = "Documentation module python re"
}

